<record><leader>00000cas a22000007a 4500</leader><controlfield tag="001">19121077</controlfield><controlfield tag="008">890209d17981798deu x ne      0    0eng d</controlfield><datafield ind1=" " ind2=" " tag="010"><subfield code="a">sn 88053099 </subfield></datafield><datafield ind1=" " ind2=" " tag="040"><subfield code="a">DEX</subfield><subfield code="b">eng</subfield><subfield code="c">DEX</subfield><subfield code="d">OCLCQ</subfield></datafield><datafield ind1=" " ind2=" " tag="042"><subfield code="a">msc</subfield></datafield><datafield ind1="0" ind2="4" tag="245"><subfield code="a">The Wilmington mercury.</subfield></datafield><datafield ind1=" " ind2=" " tag="260"><subfield code="a">[Wilmington, Del. :</subfield><subfield code="b">W.C.] Smyth</subfield></datafield><datafield ind1=" " ind2=" " tag="300"><subfield code="a">v. ;</subfield><subfield code="c">27 cm.</subfield></datafield><datafield ind1=" " ind2=" " tag="310"><subfield code="a">Irregular</subfield></datafield><datafield ind1="1" ind2=" " tag="362"><subfield code="a">Began in Sept. 1798; ceased in Nov. 1798.</subfield></datafield><datafield ind1=" " ind2=" " tag="500"><subfield code="a">News sheet established for the "yellow fever" epidemic, "printed occasionally and delivered gratis to the patrons of the Delaware gazette."</subfield></datafield><datafield ind1=" " ind2=" " tag="588"><subfield code="a">Description based on: Sept. 18, 1798.</subfield></datafield><datafield ind1=" " ind2=" " tag="752"><subfield code="a">United States</subfield><subfield code="b">Delaware</subfield><subfield code="c">New Castle</subfield><subfield code="d">Wilmington.</subfield></datafield></record>